/home/gabor/ref/ref.bib